<record><leader>00000cas a22000007a 4500</leader><controlfield tag="001">18898089</controlfield><controlfield tag="008">881214c198u9999wiuwr ne      0   a0eng d</controlfield><datafield ind1=" " ind2=" " tag="010"><subfield code="a">sn 88003514 </subfield></datafield><datafield ind1=" " ind2=" " tag="040"><subfield code="a">NSD</subfield><subfield code="b">eng</subfield><subfield code="c">NSD</subfield><subfield code="d">OCLCQ</subfield></datafield><datafield ind1=" " ind2=" " tag="012"><subfield code="m">y</subfield></datafield><datafield ind1="1" ind2=" " tag="022"><subfield code="a">1041-9942</subfield><subfield code="l">1041-9942</subfield><subfield code="y">8750-1864</subfield><subfield code="2">1</subfield></datafield><datafield ind1=" " ind2=" " tag="032"><subfield code="a">725430</subfield><subfield code="b">USPS</subfield></datafield><datafield ind1=" " ind2=" " tag="037"><subfield code="b">The County Journal, P.O. Box 65, Cable, WI 54821</subfield></datafield><datafield ind1=" " ind2=" " tag="042"><subfield code="a">nsdp</subfield><subfield code="a">msc</subfield></datafield><datafield ind1="0" ind2=" " tag="130"><subfield code="a">County journal (Cable, Wis.)</subfield></datafield><datafield ind1=" " ind2="4" tag="222"><subfield code="a">The County journal</subfield><subfield code="b">(Cable, Wis.)</subfield></datafield><datafield ind1="1" ind2="4" tag="245"><subfield code="a">The county journal.</subfield></datafield><datafield ind1=" " ind2=" " tag="260"><subfield code="a">Cable, WI :</subfield><subfield code="b">Cable Communications, Inc.</subfield></datafield><datafield ind1=" " ind2=" " tag="300"><subfield code="a">v.</subfield></datafield><datafield ind1=" " ind2=" " tag="310"><subfield code="a">Weekly</subfield></datafield><datafield ind1=" " ind2=" " tag="588"><subfield code="a">Description based on: Vol. 5, no. 28 (Thursday, Nov. 17, 1988).</subfield></datafield><datafield ind1=" " ind2=" " tag="752"><subfield code="a">United States</subfield><subfield code="b">Wisconsin</subfield><subfield code="c">Bayfield</subfield><subfield code="d">Cable.</subfield></datafield><datafield ind1="0" ind2="0" tag="780"><subfield code="t">South county journal (Cable, Wis.)</subfield><subfield code="x">8750-1864</subfield><subfield code="w">(DLC)sn 84006912</subfield></datafield></record>